<collection xmlns="http://www.loc.gov/MARC21/slim">
<record>
  <leader>01290nam0a2200217 i 450 </leader>
  <controlfield tag="001">IT\ICCU\CNCE\077265</controlfield>
  <controlfield tag="005">20120509000000.0</controlfield>
  <datafield tag="012" ind1=" " ind2=" ">
    <subfield code="a">i-e- a.i, i,re tidi (C) 1562 (Q)</subfield>
    <subfield code="2">fei</subfield>
  </datafield>
  <datafield tag="100" ind1=" " ind2=" ">
    <subfield code="a">20120202f1562        0itac0103    ba</subfield>
  </datafield>
  <datafield tag="101" ind1=" " ind2=" ">
    <subfield code="a">ITA</subfield>
  </datafield>
  <datafield tag="102" ind1=" " ind2=" ">
    <subfield code="a">IT</subfield>
  </datafield>
  <datafield tag="200" ind1="1" ind2=" ">
    <subfield code="a">℗La ℗pace fatta tra Ferdinando imperatore, et il Gran Turco. Con li capituli mandati, et confirmati tra questi due gran principi; col nome de personaggi uenuti con l&apos;ambasciatori di esso turco et il ragionamento fatto da detto ambasciatore  ̉Ferdinando imperatore, et  ̉gli elettori et principi dell&apos;imperio. Vedrasi parimente il gran presente mandato da l&apos;imperator de turchi  ̉sua cesarea maesta, cosa bellissima et deletteuole. Tradotta de lingua alemana nella italiana</subfield>
  </datafield>
  <datafield tag="210" ind1=" " ind2=" ">
    <subfield code="d">\non prima del 1562!</subfield>
  </datafield>
  <datafield tag="215" ind1=" " ind2=" ">
    <subfield code="a">\8! c.</subfield>
    <subfield code="d">8ʻ</subfield>
  </datafield>
  <datafield tag="300" ind1=" " ind2=" ">
    <subfield code="a">La data presunta si ricava da quella della pace fatta tra l&apos;impero austriaco e l&apos;impero ottomano. - A c. A6r: Capitoli ouero dimande de gli ambasciatori de la cesarea maesta ... (In Paui ̆: in casa de Soncini  ̉la Piazza)</subfield>
  </datafield>
  <datafield tag="620" ind1=" " ind2=" ">
    <subfield code="a">IT</subfield>
    <subfield code="d">Pavia</subfield>
  </datafield>
  <datafield tag="710" ind1="0" ind2="2">
    <subfield code="a">Sacro Romano Impero</subfield>
    <subfield code="3">7041</subfield>
  </datafield>
  <datafield tag="712" ind1="0" ind2="2">
    <subfield code="a">Impero ottomano</subfield>
    <subfield code="3">29688</subfield>
  </datafield>
  <datafield tag="712" ind1="0" ind2="0">
    <subfield code="a">Soncino, Costantino</subfield>
    <subfield code="3">IT\ICCU\CNCT\006399</subfield>
    <subfield code="4">650</subfield>
  </datafield>
  <datafield tag="801" ind1=" " ind2="3">
    <subfield code="a">IT</subfield>
    <subfield code="b">ICCU</subfield>
    <subfield code="c">20201115</subfield>
  </datafield>
  <datafield tag="899" ind1=" " ind2=" ">
    <subfield code="a">Biblioteca statale. Cremona</subfield>
    <subfield code="1">CR0062</subfield>
    <subfield code="2">LO1 28</subfield>
  </datafield>
</record>
</collection>
